@misc{WinklerSollner2018,
  author    = {Winkler, R. and Söllner, M.},
  title     = {Unleashing the Potential of Chatbots in Education: A State-Of-The-Art Analysis},
  year      = {2018},
  howpublished = {\url{http://dx.doi.org/10.5465/AMBPP.2018.15903abstract}},
  note      = {Last accessed: 2024-03-06}
}

@misc{gacs2023role,
  author       = {Gács, B. and Tényi, T. and Pálfi, K. and Major, J. and Horváth-Sarródi, A.},
  title        = {The role of mental health support for medical students},
  year         = {2023},
  howpublished = {\url{https://dx.doi.org/10.1556/650.2023.32889}},
  note         = {Last accessed: 2024-03-06}
}

@misc{Annuš2023,
  author = {Annuš, N.},
  year = {2023},
  title = {Chatbots in Education: The impact of Artificial Intelligence-based ChatGPT on Teachers and Students},
  howpublished = {\url{https://doi.org/10.59287/as-abstracts.1216}},
  note = {Last accessed: 2024-03-06}
}

@misc{Vanichvasin2022,
  author = {Vanichvasin, P.},
  title = {Impact of Chatbots on Student Learning and Satisfaction in the Entrepreneurship Education Programme in Higher Education Context},
  year= {2022},
  howpublished ={\url{https://dx.doi.org/10.5539/ies.v15n6p15}},  note = {Last accessed: 2024-03-06}
}

@misc{Vasudevan2024,
  author = {Vasudevan, A. and Lama, A. V. and Sain, Z. H.},
  year= {2024},
  title = {The Game-Changing Impact of AI Chatbots on Education: ChatGPT and Beyond},
  howpublished = {\url{https://dx.doi.org/10.55537/jistr.v3i1.770}},  note = {Last accessed: 2024-03-06}
}

@misc{teamsilverbackMuchWill,
  author = {Michelle Lever},
  year = {2023},
  title = {{Evaluating AI's Transformative Impact on the Data Center Real Estate Landscape}},
  howpublished = {\url{https://teamsilverback.com/how-much-will-ai-transform-the-data-center-real-estate-landscape/}},
  note = {Last accessed: 2024-03-06},
}

@misc{onlimHistoryChatbots,
  author = {Ina},
  year= {2022},
  title = {{A Journey through Time: From ELIZA to ChatGPT and the Evolution of Chatbots}},
  howpublished = {\url{https://onlim.com/en/the-history-of-chatbots/}},
  note = {Last accessed: 2024-03-06},
}

@misc{Harryba2022Understanding,
    author = {Harryba, S. and Guilfoyle, A. and Knight, S.},
    title = {Understanding the Challenges of Accessing University Support Services: The Perspectives of Staff Members and International Students},
    year = {2012},
    howpublished = {\url{https://www.researchgate.net/publication/223466479}},
    note = {Last accessed: 2024-03-06},
}

@misc{Abreu2016StudentExperiences,
    author = {Abreu, M. and Hillier, A. and Frye, A. and Goldstein, J.},
    title = {Student Experiences Utilizing Disability Support Services in a University Setting},
    year = {2016},
    howpublished = {\url{https://psycnet.apa.org/record/2017-05724-002}},
    note = {Last accessed: 2024-03-06},
}

@misc{ArkoAchemfuor2017StudentSupport,
    author = {Arko-Achemfuor, A.},
    title = {Student Support Gaps in an Open Distance Learning Context},
    year = {2017},
    howpublished = {\url{https://www.iier.org.au/iier27/arko-achemfuor.pdf}},
    note = {Last accessed: 2024-03-06},
}

@misc{WalkerGibbs2016ViewThrough,
    author = {Walker-Gibbs, B. and Paatsch, L. and Moles, J. and Yim, B. and Redpath, T.},
    title = {A view through the long lens: Pre-service teachers' perceptions of multi-campus course delivery},
    year = {2016},
    howpublished = {\url{https://ro.uow.edu.au/cgi/viewcontent.cgi?article=1615&context=jutlp}},
    note = {Last accessed: 2024-03-06},
}
@misc{patel2023enhancing,
  title={Enhancing Student Support and Engagement with Natural Language Processing in Academic Chatbots},
  author={Patel, H. and Prasad Vemuri, V. and Kaur, J. and Kumar, G. M. P. and Moharekar, D. T. T. and Chakravarthi, M. K.},
  year={2023},
    howpublished = {\url{https://doi.org/10.1109/UPCON59197.2023.10434637}},
  note={Last accessed: 2024-03-06},
}

@misc{potts2021chatbots,
  title={Chatbots to Support Mental Wellbeing of People Living in Rural Areas: Can User Groups Contribute to Co-design?},
  author={Potts, C. and Ennis, E. and Bond, R. and Maurice, M. and McTear, M. and Boyd, K. and Broderick, T. and Malcolm, M. and Kuosmanen, L. and Nieminen, H. and Vartiainen, A. and Kostenius, C. and Cahill, B. and Vakaloudis, A. and Mcconvey, G. and O'Neill, S.},
  year={2021},
  howpublished = {\url{https://dx.doi.org/10.1007/s41347-021-00222-6}},
  note={Last accessed: 2024-03-06},
}

@misc{kettle2023user,
  title={User Experiences of Well-Being Chatbots},
  author={Kettle, L. and Lee, Y.-C.},
  year={2023},
  howpublished = {\url{https://dx.doi.org/10.1177/00187208231162453}},
  note={Last accessed: 2024-03-06},
}

@misc{kumar2022exploring,
  title={Exploring The Potential of Chatbots to Provide Mental Well-being Support for Computer Science Students},
  author={Kumar, H. and Yu, K. and Chung, A. and Shi, J. and Williams, J. J.},
  year={2022},
  howpublished = {\url{https://dx.doi.org/10.1145/3545947.3576285}},  note={Last accessed: 2024-03-06},
}

@misc{csunCSUNny,
  author = {CSUNny},
  title = {{CSUNny: Streamlining the Admissions and Records Experience at California State University, Northridge}},
  howpublished = {\url{https://www.csun.edu/admissions-records/csunny}},
  year = {2018},
  note = {[Accessed 08-03-2024]},
}

@misc{staffsBeaconYour,
  author = {Beacon},
  title = {{Beacon: Navigating University Life with Your Digital Coach at Staffordshire University}},
  howpublished = {\url{https://www.staffs.ac.uk/students/digital-services/beacon}},
  year = {2019},
  note = {[Accessed 08-03-2024]},
}

@misc{abdulla2022chatbots,
  title={Chatbots Development Using Natural Language Processing: A Review},
  author={Abdulla, H. and Eltahir, Asim Mohammed and Alwahaishi, Saleh and Saghair, K. and Platoš, J. and Snášel, V.},
  year={2022},
  howpublished = {\url{https://dx.doi.org/10.1109/CSCC55931.2022.00030}},
  note = {[Accessed 08-03-2024]},
}

@misc{rane2022aidriven,
  title={Chatbots in education and research: A critical examination of ethical implications and solutions},
  author={Kooli, Chokri},
  year={2023},
  howpublished = {\url{https://doi.org/10.3390/su15075614}},
  note = {[Accessed 08-03-2024]},
}

@misc{alamin2024history,
  title={History of generative Artificial Intelligence (AI) chatbots: past, present, and future development},
  author={Al-Amin, Md. and Ali, Mohammad Shazed and Salam, Abdus and Khan, Arif and Ali, Ashraf and Ullah, Ahsan and Alam, Md Nur and Chowdhury, Shamsul Kabir},
  year={2024},
  howpublished = {\url{https://dx.doi.org/10.48550/arXiv.2402.05122}},
  note = {[Accessed 08-03-2024]},
}
@misc{bert,
  title={BERT: Pre-training of Deep Bidirectional Transformers for Language Understanding},
  author={Devlin, Jacob and Chang, Ming-Wei and Lee, Kenton and Toutanova, Kristina},
  year={2019},
  howpublished = {\url{https://www.aclweb.org/anthology/N19-1423}},
  note = {[Accessed 08-03-2024]},
}

@misc{gpt,
  title={Enhancing Language Understanding through Generative Pre-Training},
  author={Radford, Alec and Narasimhan, Karthik and Salimans, Tim and Sutskever, Ilya},
  year={2018},
  howpublished = {\url{https://s3-us-west-2.amazonaws.com/openai-assets/research-covers/language-unsupervised/language_understanding_paper.pdf}},
  note = {[Accessed 08-03-2024]},
}


@misc{sentiment,
  author = {Pansy Nandwani, Rupali Verma},
  title = {{Comprehensive Review on Text-Based Sentiment Analysis and Emotion Detection}},
  year = {2021},
  howpublished = {\url{https://link.springer.com/article/10.1007/s13278-021-00776-6}},
  note = {[Accessed 08-03-2024]},
}


@misc{ner,
  title={Advances in Neural Architectures for Named Entity Recognition},
  author={Lample, Guillaume and Ballesteros, Miguel and Subramanian, Sandeep, and Kawakami, Kazuya and Dyer, Chris},
  year={2016},
  howpublished = {\url{https://www.aclweb.org/anthology/N16-1030}},
  note = {[Accessed 08-03-2024]},
}

@misc{deakin,
  author = {Deakin Genie},
  title = {Enhancing IoT Experiences with Genie and Smart Speaker Integration},
  howpublished = {\url{https://futured.deakin.edu.au/concepts/internet-of-things/genie-smart-speaker-integration/}},
  year = {2017},
  note = {[Accessed 08-03-2024]},
}

@misc{pounce,
  author = {Pounce},
  title = {{Strategies to Mitigate Summer Melt: Insights from Georgia State's Student Success Initiatives}},
  howpublished = {\url{https://success.gsu.edu/initiatives/reduction-of-summer-melt/}},
  year = {2016},
  note = {[Accessed 09-03-2024]},
}

@misc{github,
  author = {Github},
  title = {{GitHub: A Platform for Collaborative Tech Building}},
  howpublished = {\url{https://github.com/}},
  year = {2024},
  note = {[Accessed 11-03-2024]},
}

@misc{DesignStrategy,
  author = {Baolin Xu, Shiming Wan},
  title = {{Innovative Design Strategies for Component Methods in Three-Tier Architectures}},
  howpublished = {\url{http://dx.doi.org/10.1109/ICISCE.2015.116}},
  year = {2015},
  note = {[Accessed 12-03-2024]},
}

@misc{erdiagram,
    author = {Sikha Bagui and Richard Earp},
    title = {{Efficient Database Design: A Comprehensive Guide to Entity-Relationship Diagrams}},
    howpublished = {\url{https://doi.org/10.1201/9781439861776}},
    year = {2011},
    note = {[Accessed 12-03-2024]},
}

@misc{doiDrawingActivity,
    author = {Martin Siebenhaller and Michael Kaufmann},
    title = {{Enhancing Software Visualization through Effective Drawing of Activity Diagrams}},
    howpublished = {\url{https://doi.org/10.1145/1148493.1148523}},
    year = {2006},
    note = {[Accessed 13-03-2024]},
}

@misc{trello,
    author = {Trello},
    title = {{Streamlining Team Project Management with Trello: A Remote Collaboration Platform}},
    howpublished = {\url{https://trello.com/}},
    year = {2024},
    note = {[Accessed 17-03-2024]},
}

@misc{vercel,
    author = {Vercel},
    title = {{Vercel: Elevating Web Development with The Frontend Cloud Platform}},
    howpublished = {\url{https://vercel.com/}},
    year = {2024},
    note = {[Accessed 18-03-2024]},
}

@misc{render,
    author = {Render},
    title = {{Render: Next-Generation Cloud Application Hosting for Developers}},
    howpublished = {\url{https://render.com/}},
    year = {2024},
    note = {[Accessed 18-03-2024]},
}


@misc{AI,
    author = {Mohammad Amin Kuhail and Nazik Alturki and Salwa Alramlawi and Kholood Alhejori},
    title = {{Maximizing Learning: A Systematic Review of Educational Chatbot Interactions}},
    howpublished = {\url{https://doi.org/10.1007/s10639-022-11177-3}},
    year = {2022},
    note = {[Accessed 19-03-2024]},
}



@misc{services,
    author = {{University of Glasgow}},
    title = {{University of Glasgow - MyGlasgow - University Services Strategy}},
    howpublished = {\url{https://www.gla.ac.uk/myglasgow/servicessstrategy/}},
    year = {2024},
    note = {[Accessed: 19-03-2024]}
}
@misc{wireframe,
	author = {Damian, Rees},
	title = {What is wireframing, Experience UX},
	howpublished = {\url{https://www.experienceux.co.uk/faqs/what-is-wireframing/}},
	year = {2015},
	note = {[Accessed 20-03-2024]},
}

@misc{Nerpredetermined,
	author = {Goyal, Archana and Gupta, Vishal and Kumar, Maniss},
	title = {Recent Named Entity Recognition and Classification techniques: A
               systematic review},
	howpublished = {\url{http://dx.doi.org/10.1016/j.cosrev.2018.06.001}},
	year = {2018},
	note = {[Accessed 21-03-2024]},
}
@misc{questionproSystemUsability,
	author = {Bhat, Adi},
	title = {System Usability Scale: What it is, Calculation + Usage},
	howpublished = {\url{https://www.questionpro.com/blog/system-usability-scale/}},
	year = {2018},
	note = {[Accessed 21-03-2024]},
}